@inproceedings{DBLP:DARQ,
  author    = {Bastian Quilitz and
               Ulf Leser},
  title     = {{Querying Distributed RDF Data Sources with SPARQL}},
  booktitle = {ESWC},
  pages     = {524--538},
  year      = {2008}
}

@article{DBLP:DBpedia,
  author    = {Jens Lehmann and
               Robert Isele and
               Max Jakob and
               Anja Jentzsch and
               Dimitris Kontokostas and
               Pablo N. Mendes and
               Sebastian Hellmann and
               Mohamed Morsey and
               Patrick van Kleef and
               S{\"{o}}ren Auer and
               Christian Bizer},
  title     = {{DBpedia - A large-scale, multilingual knowledge base extracted from
               Wikipedia}},
  journal   = {Semantic Web},
  volume    = {6},
  number    = {2},
  pages     = {167--195},
  year      = {2015}
}


@article{article:SemanticWeb,
  title = {数据万维网的知识管理},
  author = {王昊奋 and
		俞勇} ,
  journal={中国计算机协会通讯},
  year={2010} 
}




@book{book:AI,
  author    = {蔡自兴 and
               徐光佑},
  title     = {{人工智能及其应用（第三版）}},
  publisher = {{清华大学出版社}},
  year      = {2003},
  isbn      = {9787302068372}
}

@article{Reference_article,
  title={The onset of turbulence in pipe flow},
  author={Avila, K. and Moxey, D. and de Lozar, A. and Avila, M. and Barkley, D. and Hof, B.},
  journal={Science},
  volume={333},
  number={6039},
  pages={192--196},
  year={2011}
}

@techreport{Reference_techreport,
  title={SIMSON: A pseudo-spectral solver for incompressible boundary layer flows},
  author={Chevalier, M. and Schlatter, P. and Lundbladh, A. and Henningson, D. S},
  number={TRITA-MEK 2007:07},
  institution={KTH Mechanics},
  year={2007}
}

@phdthesis{Reference_thesis,
  title={A Study of the Spectral Theory of the Orr--Sommerfeld Equation for Plane Couette Flow},
  author={Denzler, J.},
  year={1999},
  school={Technischen Universit{\"a}t M{\"u}nchen}
}

@book{Reference_book,
  title={Hydrodynamic Stability (2nd ed.)},
  author={Drazin, P. G. and Reid, W. H.},
  year={2004},
  publisher={Cambridge University Press},
  address={Cambridge}
}

%中文参考文献的作者不只一位时，需要用两层大括号，中间用英文逗号加一个空格
%中文参考文献的出版社后面有一个手动加入的空格“\ ”


%译著的写法


@book{url:KnowledgeDef,
  title={http://zh.wikipedia.org/zh-cn/知识}
}

@book{url:KnowledgeGraphDef,
  title={https://baike.baidu.com/item/知识图谱}
}

@book{url:BTC2012,
  title={http://km.aifb.kit.edu/projects/btc-2012/}
}

@book{url:Accumulo,
  title={http://wiki.apache.org/incubator/accumuloproposal}
}


@book{url:DistributedDBBaiduBaike,
  title={http://baike.baidu.com/link?url=gv2V8l1Q0TMMGsadvM2RgNxOwdMlOuXGuwt7-Zl8F-b28oGVv0IFISbVLzkBufFxZD9jN7qjdm9SmHqTTUvbNa}
}

@article{article:Internet,
  title = {语义Web与本体研究综述},
  author = {杜小勇 and 李曼 and 王大治} ,
  journal={计算机应用},
  year={2004} 
}



@book{url:RDF,
  title={http://www.w3.org/RDF/}
}

@book{RelationalRDF:1,
  author={RDF Access to Relational Databases},
  title={http://www.w3.org/2003/01/21-RDF-RDB-access/}
}

@book{RelationalRDF:3,
  author={Storing RDF in a relational database},
  title={http://infolab.stanford.edu/~melnik/rdf/db.html}
}

@book{url:Freebase,
  title={http://www.freebase.com/}
}

@book{url:sparql,
	title={http://www.w3.org/TR/rdf-sparql-query/}
}

@book{url:linkeddata,
	title={http://linkeddata.org/home}
}

@inproceedings{DBLP:YAGO3,
  author    = {Farzaneh Mahdisoltani and
               Joanna Biega and
               Fabian M. Suchanek},
  title     = {{YAGO3: A Knowledge Base from Multilingual Wikipedias}},
  booktitle = {{CIDR}},
  year      = {2015}
}

@article{DBLP:YAGO,
  author    = {Fabian M. Suchanek and
               Gjergji Kasneci and
               Gerhard Weikum},
  title     = {{YAGO: A Large Ontology from Wikipedia and WordNet}},
  journal   = {J. Web Sem.},
  volume    = {6},
  number    = {3},
  pages     = {203--217},
  year      = {2008}
}

@article{DBLP:YAGO2,
  author    = {Johannes Hoffart and
               Fabian M. Suchanek and
               Klaus Berberich and
               Gerhard Weikum},
  title     = {{YAGO2: A Spatially and Temporally Enhanced Knowledge Base from
               Wikipedia}},
  journal   = {Artif. Intell.},
  volume    = {194},
  pages     = {28--61},
  year      = {2013}
}

@inproceedings{DBLP:conf/la-web/BonstromHS03,
  author    = {Valerie B{\"{o}}nstr{\"{o}}m and
               Annika Hinze and
               Heinz Schweppe},
  title     = {{Storing RDF as a Graph}},
  booktitle = {{LA-WEB}},
  pages     = {27--36},
  year      = {2003},
  crossref  = {DBLP:conf/la-web/2003},
  url       = {http://dx.doi.org/10.1109/LAWEB.2003.1250279},
  doi       = {10.1109/LAWEB.2003.1250279},
  timestamp = {Fri, 03 Jul 2015 12:42:03 +0200},
  biburl    = {http://dblp.uni-trier.de/rec/bib/conf/la-web/BonstromHS03},
  bibsource = {dblp computer science bibliography, http://dblp.org}
}

@article{VLDBJ:gStore,
  author    = {Lei Zou and
               M. Tamer {\"{O}}zsu and
               Lei Chen and
               Xuchuan Shen and
               Ruizhe Huang and
               Dongyan Zhao},
  title     = {{gStore: A Graph-based SPARQL Query Engine}},
  journal   = {{VLDB} J.},
  volume    = {23},
  number    = {4},
  pages     = {565--590},
  year      = {2014},
  url       = {http://dx.doi.org/10.1007/s00778-013-0337-7},
  doi       = {10.1007/s00778-013-0337-7},
  timestamp = {Wed, 10 Sep 2014 19:21:00 +0200},
  biburl    = {http://dblp.uni-trier.de/rec/bib/journals/vldb/ZouOCSHZ14},
  bibsource = {dblp computer science bibliography, http://dblp.org}
}

@article{VLDB2011:gStore,
  author    = {Lei Zou and
               Jinghui Mo and
               Lei Chen and
               M. Tamer {\"{O}}zsu and
               Dongyan Zhao},
  title     = {{gStore: Answering SPARQL Queries via Subgraph Matching}},
  journal   = {{PVLDB}},
  volume    = {4},
  number    = {8},
  pages     = {482--493},
  year      = {2011},
  url       = {http://www.vldb.org/pvldb/vol4/p482-zou.pdf},
  timestamp = {Tue, 05 Jul 2011 08:03:24 +0200},
  biburl    = {http://dblp.uni-trier.de/rec/bib/journals/pvldb/ZouMCOZ11},
  bibsource = {dblp computer science bibliography, http://dblp.org}
}

@inproceedings{wilkinson06,
  added-at = {2011-04-28T13:19:08.000+0200},
  address = {Athens, Georgia, USA},
  author = {Kevin Wilkinson },
  biburl = {http://www.bibsonomy.org/bibtex/20a2f422fb81d113a3bfa426e918628b6/hidders},
  booktitle = {{SSWS}},
  interhash = {16821f462e7efa347e3b25e5434af71d},
  intrahash = {0a2f422fb81d113a3bfa426e918628b6},
  keywords = {rdf-indexing},
  pages = {35-46},
  timestamp = {2011-04-28T13:41:28.000+0200},
  title = {{Jena Property Table Implementation}},
  year = 2006
}

@inproceedings{DBLP:Jena2,
  author    = {Kevin Wilkinson and
               Craig Sayers and
               Harumi A. Kuno and
               Dave Reynolds},
  title     = {{Efficient RDF Storage and Retrieval in Jena2}},
  booktitle = {SWDB},
  pages     = {131--150},
  year      = {2003},
  crossref  = {DBLP:conf/semweb/2003swdb},
  timestamp = {Thu, 26 Feb 2004 16:06:50 +0100},
  biburl    = {http://dblp.uni-trier.de/rec/bib/conf/semweb/WilkinsonSKR03},
  bibsource = {dblp computer science bibliography, http://dblp.org}
}

@inproceedings{DBLP:Oracle,
  author    = {Eugene Inseok Chong and
               Souripriya Das and
               George Eadon and
               Jagannathan Srinivasan},
  title     = {{An Efficient SQL-based RDF Querying Scheme}},
  booktitle = {VLDB},
  pages     = {1216--1227},
  year      = {2005},
  crossref  = {DBLP:conf/vldb/2005},
  url       = {http://www.vldb2005.org/program/paper/fri/p1216-chong.pdf},
  timestamp = {Mon, 17 Sep 2012 22:07:49 +0200},
  biburl    = {http://dblp.uni-trier.de/rec/bib/conf/vldb/ChongDES05},
  bibsource = {dblp computer science bibliography, http://dblp.org}
}

@inproceedings{DBLP:conf/dagstuhl/BroekstraKH03,
  author    = {Jeen Broekstra and
               Arjohn Kampman and
               Frank van Harmelen},
  title     = {{Sesame: An Architecture for Storin gand Querying {RDF} Data and Schema
               Information}},
  booktitle = {Spinning the Semantic Web},
  pages     = {197--222},
  year      = {2003},
  crossref  = {DBLP:conf/dagstuhl/2003sweb},
  timestamp = {Thu, 27 Mar 2003 11:07:45 +0100},
  biburl    = {http://dblp.uni-trier.de/rec/bib/conf/dagstuhl/BroekstraKH03},
  bibsource = {dblp computer science bibliography, http://dblp.org}
}

@inproceedings{DBLP:conf/semweb/BroekstraKH02,
  author    = {Jeen Broekstra and
               Arjohn Kampman and
               Frank van Harmelen},
  title     = {{Sesame: A Generic Architecture for Storing and Querying RDF} and
               {RDF Schema}},
  booktitle = {ISWC},
  pages     = {54--68},
  year      = {2002},
  crossref  = {DBLP:conf/semweb/2002},
  url       = {http://dx.doi.org/10.1007/3-540-48005-6_7},
  doi       = {10.1007/3-540-48005-6_7},
  timestamp = {Thu, 30 Jun 2011 15:59:43 +0200},
  biburl    = {http://dblp.uni-trier.de/rec/bib/conf/semweb/BroekstraKH02},
  bibsource = {dblp computer science bibliography, http://dblp.org}
}

@article{PVLDB:RDF3X,
  author    = {Thomas Neumann and
               Gerhard Weikum},
  title     = {{RDF-3X: A RISC-style Engine for RDF}},
  journal   = {{PVLDB}},
  volume    = {1},
  number    = {1},
  pages     = {647--659},
  year      = {2008},
  url       = {http://www.vldb.org/pvldb/1/1453927.pdf},
  timestamp = {Wed, 19 Dec 2012 08:25:32 +0100},
  biburl    = {http://dblp.uni-trier.de/rec/bib/journals/pvldb/NeumannW08},
  bibsource = {dblp computer science bibliography, http://dblp.org}
}

@article{VLDBJ:RDF3X,
  author    = {Thomas Neumann and
               Gerhard Weikum},
  title     = {{The RDF-3X Engine for Scalable Management of RDF Data}},
  journal   = {{VLDB} J.},
  volume    = {19},
  number    = {1},
  pages     = {91--113},
  year      = {2010},
  url       = {http://dx.doi.org/10.1007/s00778-009-0165-y},
  doi       = {10.1007/s00778-009-0165-y},
  timestamp = {Wed, 19 Dec 2012 08:25:32 +0100},
  biburl    = {http://dblp.uni-trier.de/rec/bib/journals/vldb/NeumannW10},
  bibsource = {dblp computer science bibliography, http://dblp.org}
}

@article{PVLDB:xRDF3X,
  author    = {Thomas Neumann and
               Gerhard Weikum},
  title     = {{x-RDF-3X: Fast Querying, High Update Rates, and Consistency for RDF
               Databases}},
  journal   = {{PVLDB}},
  volume    = {3},
  number    = {1},
  pages     = {256--263},
  year      = {2010},
  url       = {http://www.comp.nus.edu.sg/~vldb2010/proceedings/files/papers/R22.pdf},
  timestamp = {Wed, 19 Dec 2012 08:25:32 +0100},
  biburl    = {http://dblp.uni-trier.de/rec/bib/journals/pvldb/NeumannW10},
  bibsource = {dblp computer science bibliography, http://dblp.org}
}

@misc{eps257970,
           month = {June},
           title = {{3store: Efficient Bulk RDF Storage}},
          author = {Stephen Harris and Nicholas Gibbins},
            year = {2003},
        keywords = {H.2.8 Database Applications H.3.3 Information Search and Retrieval I.2.0 Artificial Intelligence, General},
             url = {http://eprints.soton.ac.uk/257970/},
        abstract = {The development and deployment of practical Semantic Web applications requires technologies for the storage and retrieval of RDF data that are robust and scalable. In this paper, we describe the 3store RDF storage and query engine developed within the Advanced Knowledge Technologies project, and discuss the design rationale and optimisations behind it which enable the efficient handling of large RDF knowledge bases. }
}

@inproceedings{DBLP:SOR,
  author    = {Jing Lu and
               Li Ma and
               Lei Zhang and
               Jean{-}S{\'{e}}bastien Brunner and
               Chen Wang and
               Yue Pan and
               Yong Yu},
  title     = {{SOR: A Practical System for Ontology Storage, Reasoning and Search}},
  booktitle = {VLDB},
  pages     = {1402--1405},
  year      = {2007},
  crossref  = {DBLP:conf/vldb/2007},
  url       = {http://www.vldb.org/conf/2007/papers/demo/p1402-lu.pdf},
  timestamp = {Mon, 17 Sep 2012 21:56:37 +0200},
  biburl    = {http://dblp.uni-trier.de/rec/bib/conf/vldb/LuMZBWPY07},
  bibsource = {dblp computer science bibliography, http://dblp.org}
}

@article{DBLP:Hexastore,
  author    = {Cathrin Weiss and
               Panagiotis Karras and
               Abraham Bernstein},
  title     = {{Hexastore: Sextuple Indexing for Semantic Web Data Management}},
  journal   = {{PVLDB}},
  volume    = {1},
  number    = {1},
  pages     = {1008--1019},
  year      = {2008},
  url       = {http://www.vldb.org/pvldb/1/1453965.pdf},
  timestamp = {Thu, 06 Nov 2008 12:41:34 +0100},
  biburl    = {http://dblp.uni-trier.de/rec/bib/journals/pvldb/WeissKB08},
  bibsource = {dblp computer science bibliography, http://dblp.org}
}

@article{DBLP:SWStore,
  author    = {Daniel J. Abadi and
               Adam Marcus and
               Samuel Madden and
               Kate Hollenbach},
  title     = {{SW-Store: A Vertically Partitioned DBMS for Semantic Web Data Management}},
  journal   = {{VLDB} J.},
  volume    = {18},
  number    = {2},
  pages     = {385--406},
  year      = {2009},
  url       = {http://dx.doi.org/10.1007/s00778-008-0125-y},
  doi       = {10.1007/s00778-008-0125-y},
  timestamp = {Sun, 12 Apr 2009 17:18:37 +0200},
  biburl    = {http://dblp.uni-trier.de/rec/bib/journals/vldb/AbadiMMH09},
  bibsource = {dblp computer science bibliography, http://dblp.org}
}

@inproceedings{DBLP:dipLODocusRDF,
  author    = {Marcin Wylot and
               Jig{\'{e}} Pont and
               Mariusz Wisniewski and
               Philippe Cudr{\'{e}}{-}Mauroux},
  title     = {{dipLODocus[RDF] - Short and Long-Tail RDF Analytics for Massive
               Webs of Data}},
  booktitle = {ISWC},
  pages     = {778--793},
  year      = {2011},
  crossref  = {DBLP:conf/semweb/2011-1},
  url       = {http://dx.doi.org/10.1007/978-3-642-25073-6_49},
  doi       = {10.1007/978-3-642-25073-6_49},
  timestamp = {Mon, 24 Oct 2011 09:55:15 +0200},
  biburl    = {http://dblp.uni-trier.de/rec/bib/conf/semweb/WylotPWC11},
  bibsource = {dblp computer science bibliography, http://dblp.org}
}

@inproceedings{DBLP:BitMat,
  author    = {Medha Atre and
               Vineet Chaoji and
               Mohammed J. Zaki and
               James A. Hendler},
  title     = {{Matrix "Bit" loaded: A Scalable Lightweight Join Query Processor for}
               {RDF Data}},
  booktitle = {WWW},
  pages     = {41--50},
  year      = {2010},
  crossref  = {DBLP:conf/www/2010},
  url       = {http://doi.acm.org/10.1145/1772690.1772696},
  doi       = {10.1145/1772690.1772696},
  timestamp = {Wed, 28 Apr 2010 10:17:32 +0200},
  biburl    = {http://dblp.uni-trier.de/rec/bib/conf/www/AtreCZH10},
  bibsource = {dblp computer science bibliography, http://dblp.org}
}

@article{DBLP:TurboHOMpp,
  author    = {Jinha Kim and
               Hyungyu Shin and
               Wook{-}Shin Han and
               Sungpack Hong and
               Hassan Chafi},
  title     = {{Taming Subgraph Isomorphism for RDF Query Processing}},
  journal   = {{PVLDB}},
  volume    = {8},
  number    = {11},
  pages     = {1238--1249},
  year      = {2015},
  url       = {http://www.vldb.org/pvldb/vol8/p1238-kim.pdf},
  timestamp = {Mon, 13 Jul 2015 14:10:09 +0200},
  biburl    = {http://dblp.uni-trier.de/rec/bib/journals/pvldb/KimSHHC15},
  bibsource = {dblp computer science bibliography, http://dblp.org}
}

@article{DBLP:TripleBit,
  author    = {Pingpeng Yuan and
               Pu Liu and
               Buwen Wu and
               Hai Jin and
               Wenya Zhang and
               Ling Liu},
  title     = {{TripleBit: a Fast and Compact System for Large Scale RDF Data}},
  journal   = {{PVLDB}},
  volume    = {6},
  number    = {7},
  pages     = {517--528},
  year      = {2013},
  url       = {http://www.vldb.org/pvldb/vol6/p517-yuan.pdf},
  timestamp = {Wed, 04 Sep 2013 08:33:42 +0200},
  biburl    = {http://dblp.uni-trier.de/rec/bib/journals/pvldb/YuanLWJZL13},
  bibsource = {dblp computer science bibliography, http://dblp.org}
}

@article{DBLP:journals/rsa/DyerG00,
  author    = {Martin E. Dyer and
               Catherine S. Greenhill},
  title     = {{The Complexity of Counting Graph Homomorphisms}},
  journal   = {{Random Struct. Algorithms}},
  volume    = {17},
  number    = {3-4},
  pages     = {260--289},
  year      = {2000},
  url       = {http://onlinelibrary.wiley.com/doi/10.1002/1098-2418(200010/12)17:3/4<260::AID-RSA5>3.0.CO;2-W/abstract},
  timestamp = {Sat, 14 Apr 2012 16:35:22 +0200},
  biburl    = {http://dblp.uni-trier.de/rec/bib/journals/rsa/DyerG00},
  bibsource = {dblp computer science bibliography, http://dblp.org}
}

@article{DBLP:journals/jacm/Ullmann76,
  author    = {Julian R. Ullmann},
  title     = {{An Algorithm for Subgraph Isomorphism}},
  journal   = {J. {ACM}},
  volume    = {23},
  number    = {1},
  pages     = {31--42},
  year      = {1976},
  url       = {http://doi.acm.org/10.1145/321921.321925},
  doi       = {10.1145/321921.321925},
  timestamp = {Thu, 20 Nov 2003 12:28:25 +0100},
  biburl    = {http://dblp.uni-trier.de/rec/bib/journals/jacm/Ullmann76},
  bibsource = {dblp computer science bibliography, http://dblp.org}
}

@article{DBLP:VF2,
  author    = {Luigi P. Cordella and
               Pasquale Foggia and
               Carlo Sansone and
               Mario Vento},
  title     = {{A (Sub)Graph Isomorphism Algorithm for Matching Large Graphs}},
  journal   = {{IEEE Trans. Pattern Anal. Mach. Intell.}},
  volume    = {26},
  number    = {10},
  pages     = {1367--1372},
  year      = {2004},
  url       = {http://doi.ieeecomputersociety.org/10.1109/TPAMI.2004.75},
  doi       = {10.1109/TPAMI.2004.75},
  timestamp = {Wed, 26 Oct 2011 12:01:25 +0200},
  biburl    = {http://dblp.uni-trier.de/rec/bib/journals/pami/CordellaFSV04},
  bibsource = {dblp computer science bibliography, http://dblp.org}
}

@inproceedings{DBLP:SUBDUE,
  author    = {Lawrence B. Holder and
               Diane J. Cook and
               Surnjani Djoko},
  title     = {{Substucture Discovery in the SUBDUE System}},
  booktitle = {{KDD Workshop}},
  pages     = {169--180},
  year      = {1994},
  crossref  = {DBLP:conf/kdd/1994},
  timestamp = {Wed, 12 Dec 2012 15:08:19 +0100},
  biburl    = {http://dblp.uni-trier.de/rec/bib/conf/kdd/HolderCD94},
  bibsource = {dblp computer science bibliography, http://dblp.org}
}

@article{DBLP:journals/pvldb/ZhuQLYHY11,
  author    = {Feida Zhu and
               Qiang Qu and
               David Lo and
               Xifeng Yan and
               Jiawei Han and
               Philip S. Yu},
  title     = {{Mining Top-K Large Structural Patterns in a Massive Network}},
  journal   = {{PVLDB}},
  volume    = {4},
  number    = {11},
  pages     = {807--818},
  year      = {2011},
  url       = {http://www.vldb.org/pvldb/vol4/p807-zhu.pdf},
  timestamp = {Mon, 31 Oct 2011 16:59:21 +0100},
  biburl    = {http://dblp.uni-trier.de/rec/bib/journals/pvldb/ZhuQLYHY11},
  bibsource = {dblp computer science bibliography, http://dblp.org}
}

@inproceedings{DBLP:NOVA,
  author    = {Ke Zhu and
               Ying Zhang and
               Xuemin Lin and
               Gaoping Zhu and
               Wei Wang},
  title     = {{NOVA: A Novel and Efficient Framework for Finding Subgraph Isomorphism
               Mappings in Large Graphs}},
  booktitle = {{DASFAA}},
  pages     = {140--154},
  year      = {2010},
  crossref  = {DBLP:conf/dasfaa/2010-1},
  url       = {http://dx.doi.org/10.1007/978-3-642-12026-8_13},
  doi       = {10.1007/978-3-642-12026-8_13},
  timestamp = {Thu, 06 May 2010 21:05:08 +0200},
  biburl    = {http://dblp.uni-trier.de/rec/bib/conf/dasfaa/ZhuZLZW10},
  bibsource = {dblp computer science bibliography, http://dblp.org}
}

@article{DBLP:journals/pvldb/ZhaoH10,
  author    = {Peixiang Zhao and
               Jiawei Han},
  title     = {{On Graph Query Optimization in Large Networks}},
  journal   = {{PVLDB}},
  volume    = {3},
  number    = {1},
  pages     = {340--351},
  year      = {2010},
  url       = {http://www.comp.nus.edu.sg/~vldb2010/proceedings/files/papers/R30.pdf},
  timestamp = {Thu, 23 Sep 2010 15:39:20 +0200},
  biburl    = {http://dblp.uni-trier.de/rec/bib/journals/pvldb/ZhaoH10},
  bibsource = {dblp computer science bibliography, http://dblp.org}
}

@inproceedings{DBLP:GADDI,
  author    = {Shijie Zhang and
               Shirong Li and
               Jiong Yang},
  title     = {{GADDI: Distance Index based Subgraph Matching in Biological Networks}},
  booktitle = {{EDBT}},
  pages     = {192--203},
  year      = {2009},
  crossref  = {DBLP:conf/edbt/2009},
  url       = {http://doi.acm.org/10.1145/1516360.1516384},
  doi       = {10.1145/1516360.1516384},
  timestamp = {Mon, 06 Jul 2009 10:20:37 +0200},
  biburl    = {http://dblp.uni-trier.de/rec/bib/conf/edbt/ZhangLY09},
  bibsource = {dblp computer science bibliography, http://dblp.org}
}

@inproceedings{DBLP:TurboISO,
  author    = {Wook{-}Shin Han and
               Jinsoo Lee and
               Jeong{-}Hoon Lee},
  title     = {{Turbo\({}_{\mbox{iso}}\): Towards Ultrafast and Robust Subgraph Isomorphism
               Search in Large Graph Databases}},
  booktitle = {{SIGMOD}},
  pages     = {337--348},
  year      = {2013},
  crossref  = {DBLP:conf/sigmod/2013},
  url       = {http://doi.acm.org/10.1145/2463676.2465300},
  doi       = {10.1145/2463676.2465300},
  timestamp = {Wed, 26 Jun 2013 09:37:17 +0200},
  biburl    = {http://dblp.uni-trier.de/rec/bib/conf/sigmod/HanLL13},
  bibsource = {dblp computer science bibliography, http://dblp.org}
}

@article{DBLP:journals/vldb/KaoudiM15,
  author    = {Zoi Kaoudi and
               Ioana Manolescu},
  title     = {{RDF in the Clouds: A Survey}},
  journal   = {{VLDB} J.},
  volume    = {24},
  number    = {1},
  pages     = {67--91},
  year      = {2015},
  url       = {http://dx.doi.org/10.1007/s00778-014-0364-z},
  doi       = {10.1007/s00778-014-0364-z},
  timestamp = {Mon, 19 Jan 2015 12:34:32 +0100},
  biburl    = {http://dblp.uni-trier.de/rec/bib/journals/vldb/KaoudiM15},
  bibsource = {dblp computer science bibliography, http://dblp.org}
}

@article{DBLP:journals/dbsk/Hartig13,
  author    = {Olaf Hartig},
  title     = {{An Overview on Execution Strategies for Linked Data Queries}},
  journal   = {Datenbank-Spektrum},
  volume    = {13},
  number    = {2},
  pages     = {89--99},
  year      = {2013},
  url       = {http://dx.doi.org/10.1007/s13222-013-0122-1},
  doi       = {10.1007/s13222-013-0122-1},
  timestamp = {Mon, 24 Jun 2013 15:04:48 +0200},
  biburl    = {http://dblp.uni-trier.de/rec/bib/journals/dbsk/Hartig13},
  bibsource = {dblp computer science bibliography, http://dblp.org}
}

@inproceedings{SIGMOD13:Trinity,
  author    = {Bin Shao and
               Haixun Wang and
               Yatao Li},
  title     = {{Trinity: A Distributed Graph Engine on a Memory Cloud}},
  booktitle = {SIGMOD},
  year      = {2013},
  crossref  = {DBLP:conf/sigmod/2013},
  url       = {http://doi.acm.org/10.1145/2463676.2467799},
  doi       = {10.1145/2463676.2467799},
  timestamp = {Wed, 26 Jun 2013 09:37:17 +0200},
  biburl    = {http://dblp.uni-trier.de/rec/bib/conf/sigmod/ShaoWL13},
  bibsource = {dblp computer science bibliography, http://dblp.org}
}

@book{url:hadoop,
	title={https://hadoop.apache.org/}
}

@article{DBLP:journals/csur/LiOOW14,
  author    = {Feng Li and
               Beng Chin Ooi and
               M. Tamer {\"{O}}zsu and
               Sai Wu},
  title     = {{Distributed Data Management using MapReduce}},
  journal   = {{ACM} Comput. Surv.},
  volume    = {46},
  number    = {3},
  pages     = {31:1--31:42},
  year      = {2014},
  url       = {http://doi.acm.org/10.1145/2503009},
  doi       = {10.1145/2503009},
  timestamp = {Mon, 11 May 2015 16:37:30 +0200},
  biburl    = {http://dblp.uni-trier.de/rec/bib/journals/csur/LiOOW14},
  bibsource = {dblp computer science bibliography, http://dblp.org}
}

@inproceedings{DBLP:SHARD,
  author    = {Kurt Rohloff and
               Richard E. Schantz},
  title     = {{High-performance, Massively Scalable Distributed Systems using the
               MapReduce Software Framework: the SHARD Triple-store}},
  booktitle = {{PSI EtA}},
  pages     = {4},
  year      = {2010},
  crossref  = {DBLP:conf/oopsla/2010psieta},
  url       = {http://doi.acm.org/10.1145/1940747.1940751},
  doi       = {10.1145/1940747.1940751},
  timestamp = {Tue, 06 Dec 2011 21:10:14 +0100},
  biburl    = {http://dblp.uni-trier.de/rec/bib/conf/oopsla/RohloffS10},
  bibsource = {dblp computer science bibliography, http://dblp.org}
}

@inproceedings{DBLP:conf/ssdbm/ZhangCW12,
  author    = {Xiaofei Zhang and
               Lei Chen and
               Min Wang},
  title     = {{Towards Efficient Join Processing over Large RDF Graph using MapReduce}},
  booktitle = {{SSDBM}},
  pages     = {250--259},
  year      = {2012},
  crossref  = {DBLP:conf/ssdbm/2012},
  url       = {http://dx.doi.org/10.1007/978-3-642-31235-9_16},
  doi       = {10.1007/978-3-642-31235-9_16},
  timestamp = {Tue, 18 Sep 2012 21:15:22 +0200},
  biburl    = {http://dblp.uni-trier.de/rec/bib/conf/ssdbm/ZhangCW12},
  bibsource = {dblp computer science bibliography, http://dblp.org}
}

@inproceedings{DBLP:EAGRE,
  author    = {Xiaofei Zhang and
               Lei Chen and
               Yongxin Tong and
               Min Wang},
  title     = {{EAGRE: Towards Scalable I/O Efficient SPARQL Query Evaluation
               on the Cloud}},
  booktitle = {{ICDE}},
  pages     = {565--576},
  year      = {2013},
  crossref  = {DBLP:conf/icde/2013},
  url       = {http://dx.doi.org/10.1109/ICDE.2013.6544856},
  doi       = {10.1109/ICDE.2013.6544856},
  timestamp = {Sat, 09 Aug 2014 14:37:15 +0200},
  biburl    = {http://dblp.uni-trier.de/rec/bib/conf/icde/ZhangCTW13},
  bibsource = {dblp computer science bibliography, http://dblp.org}
}

@article{DBLP:journals/tkde/HusainMMKT11,
  author    = {Mohammad Farhan Husain and
               James P. McGlothlin and
               Mohammad M. Masud and
               Latifur R. Khan and
               Bhavani M. Thuraisingham},
  title     = {{Heuristics-Based Query Processing for Large RDF Graphs using Cloud
               Computing}},
  journal   = {{IEEE} Trans. Knowl. Data Eng.},
  volume    = {23},
  number    = {9},
  pages     = {1312--1327},
  year      = {2011},
  url       = {http://dx.doi.org/10.1109/TKDE.2011.103},
  doi       = {10.1109/TKDE.2011.103},
  timestamp = {Wed, 09 Sep 2015 09:50:35 +0200},
  biburl    = {http://dblp.uni-trier.de/rec/bib/journals/tkde/HusainMMKT11},
  bibsource = {dblp computer science bibliography, http://dblp.org}
}

@inproceedings{ICDE2015:CliqueSquare,
  author    = {Fran{\c{c}}ois Goasdou{\'{e}} and
               Zoi Kaoudi and
               Ioana Manolescu and
               Jorge{-}Arnulfo Quian{\'{e}}{-}Ruiz and
               Stamatis Zampetakis},
  title     = {{CliqueSquare: Flat Plans for Massively Parallel RDF Queries}},
  booktitle = {ICDE},
  pages     = {771--782},
  year      = {2015},
  crossref  = {DBLP:conf/icde/2015},
  url       = {http://dx.doi.org/10.1109/ICDE.2015.7113332},
  doi       = {10.1109/ICDE.2015.7113332},
  timestamp = {Tue, 09 Jun 2015 07:58:12 +0200},
  biburl    = {http://dblp.uni-trier.de/rec/bib/conf/icde/GoasdoueKMQZ15},
  bibsource = {dblp computer science bibliography, http://dblp.org}
}

@inproceedings{ICDE2015demo:CliqueSquare,
  author    = {Benjamin Djahandideh and
               Fran{\c{c}}ois Goasdou{\'{e}} and
               Zoi Kaoudi and
               Ioana Manolescu and
               Jorge{-}Arnulfo Quian{\'{e}}{-}Ruiz and
               Stamatis Zampetakis},
  title     = {{CliqueSquare in Action: Flat Plans for Massively Parallel RDF Queries}},
  booktitle = {ICDE},
  pages     = {1432--1435},
  year      = {2015},
  crossref  = {DBLP:conf/icde/2015},
  url       = {http://dx.doi.org/10.1109/ICDE.2015.7113394},
  doi       = {10.1109/ICDE.2015.7113394},
  timestamp = {Tue, 09 Jun 2015 07:58:12 +0200},
  biburl    = {http://dblp.uni-trier.de/rec/bib/conf/icde/DjahandidehGKMQ15},
  bibsource = {dblp computer science bibliography, http://dblp.org}
}

@article{DBLP:journals/pvldb/HuangAR11,
  author    = {Jiewen Huang and
               Daniel J. Abadi and
               Kun Ren},
  title     = {{Scalable SPARQL Querying of Large RDF Graphs}},
  journal   = {{PVLDB}},
  volume    = {4},
  number    = {11},
  pages     = {1123--1134},
  year      = {2011},
  url       = {http://www.vldb.org/pvldb/vol4/p1123-huang.pdf},
  timestamp = {Mon, 31 Oct 2011 16:59:21 +0100},
  biburl    = {http://dblp.uni-trier.de/rec/bib/journals/pvldb/HuangAR11},
  bibsource = {dblp computer science bibliography, http://dblp.org}
}

@article{DBLP:METIS,
  author    = {George Karypis and
               Vipin Kumar},
  title     = {{A Fast and High Quality Multilevel Scheme for Partitioning Irregular
               Graphs}},
  journal   = {{SIAM} J. Scientific Computing},
  volume    = {20},
  number    = {1},
  pages     = {359--392},
  year      = {1998},
  url       = {http://dx.doi.org/10.1137/S1064827595287997},
  doi       = {10.1137/S1064827595287997},
  timestamp = {Mon, 27 Jul 2015 18:25:50 +0200},
  biburl    = {http://dblp.uni-trier.de/rec/bib/journals/siamsc/KarypisK98},
  bibsource = {dblp computer science bibliography, http://dblp.org}
}

@article{DBLP:TrinityRDF,
  author    = {Kai Zeng and
               Jiacheng Yang and
               Haixun Wang and
               Bin Shao and
               Zhongyuan Wang},
  title     = {{A Distributed Graph Engine for Web Scale RDF Data}},
  journal   = {{PVLDB}},
  volume    = {6},
  number    = {4},
  pages     = {265--276},
  year      = {2013},
  url       = {http://www.vldb.org/pvldb/vol6/p265-zeng.pdf},
  timestamp = {Wed, 04 Sep 2013 08:33:42 +0200},
  biburl    = {http://dblp.uni-trier.de/rec/bib/journals/pvldb/ZengYWSW13},
  bibsource = {dblp computer science bibliography, http://dblp.org}
}

@inproceedings{DBLP:TriAD,
  author    = {Sairam Gurajada and
               Stephan Seufert and
               Iris Miliaraki and
               Martin Theobald},
  title     = {{TriAD: A Distributed Shared-nothing RDF Engine based on Asynchronous
               Message Passing}},
  booktitle = {{SIGMOD}},
  pages     = {289--300},
  year      = {2014},
  crossref  = {DBLP:conf/sigmod/2014},
  url       = {http://doi.acm.org/10.1145/2588555.2610511},
  doi       = {10.1145/2588555.2610511},
  timestamp = {Sun, 22 Jun 2014 11:31:11 +0200},
  biburl    = {http://dblp.uni-trier.de/rec/bib/conf/sigmod/GurajadaSMT14},
  bibsource = {dblp computer science bibliography, http://dblp.org}
}

@inproceedings{DBLP:WARP,
  author    = {Katja Hose and
               Ralf Schenkel},
  title     = {{WARP: Workload-aware Replication and Partitioning for RDF}},
  booktitle = {{ICDE Workshops}},
  pages     = {1--6},
  year      = {2013},
  crossref  = {DBLP:conf/icde/2013w},
  url       = {http://dx.doi.org/10.1109/ICDEW.2013.6547414},
  doi       = {10.1109/ICDEW.2013.6547414},
  timestamp = {Sat, 09 Aug 2014 14:37:17 +0200},
  biburl    = {http://dblp.uni-trier.de/rec/bib/conf/icde/HoseS13},
  bibsource = {dblp computer science bibliography, http://dblp.org}
}

@inproceedings{DBLP:Partout,
  author    = {Luis Gal{\'{a}}rraga and
               Katja Hose and
               Ralf Schenkel},
  title     = {{Partout: A Distributed Engine for Efficient RDF Processing}},
  booktitle = {{WWW (Companion Volume)}},
  pages     = {267--268},
  year      = {2014},
  crossref  = {DBLP:conf/www/2014c},
  url       = {http://doi.acm.org/10.1145/2567948.2577302},
  doi       = {10.1145/2567948.2577302},
  timestamp = {Thu, 03 Sep 2015 16:48:08 +0200},
  biburl    = {http://dblp.uni-trier.de/rec/bib/conf/www/GalarragaHS14},
  bibsource = {dblp computer science bibliography, http://dblp.org}
}

@inproceedings{CLOUD:SHAPE,
  author    = {Kisung Lee and
               Ling Liu and
               Yuzhe Tang and
               Qi Zhang and
               Yang Zhou},
  title     = {{Efficient and Customizable Data Partitioning Framework for Distributed
               Big RDF Data Processing in the Cloud}},
  booktitle = {{IEEE CLOUD}},
  pages     = {327--334},
  year      = {2013},
  crossref  = {DBLP:conf/IEEEcloud/2013},
  url       = {http://dx.doi.org/10.1109/CLOUD.2013.63},
  doi       = {10.1109/CLOUD.2013.63},
  timestamp = {Mon, 11 May 2015 16:37:23 +0200},
  biburl    = {http://dblp.uni-trier.de/rec/bib/conf/IEEEcloud/LeeLTZZ13},
  bibsource = {dblp computer science bibliography, http://dblp.org}
}

@article{PVLDB:SHAPE,
  author    = {Kisung Lee and
               Ling Liu},
  title     = {{Scaling Queries over Big RDF Graphs with Semantic Hash Partitioning}},
  journal   = {{PVLDB}},
  volume    = {6},
  number    = {14},
  pages     = {1894--1905},
  year      = {2013},
  url       = {http://www.vldb.org/pvldb/vol6/p1894-lee.pdf},
  timestamp = {Thu, 28 Nov 2013 16:29:30 +0100},
  biburl    = {http://dblp.uni-trier.de/rec/bib/journals/pvldb/LeeL13},
  bibsource = {dblp computer science bibliography, http://dblp.org}
}

@inproceedings{DBLP:SemStore,
  author    = {Buwen Wu and
               Yongluan Zhou and
               Pingpeng Yuan and
               Hai Jin and
               Ling Liu},
  title     = {{SemStore: A Semantic-Preserving Distributed RDF Triple Store}},
  booktitle = {{CIKM}},
  pages     = {509--518},
  year      = {2014},
  crossref  = {DBLP:conf/cikm/2014},
  url       = {http://doi.acm.org/10.1145/2661829.2661876},
  doi       = {10.1145/2661829.2661876},
  timestamp = {Fri, 07 Nov 2014 12:38:01 +0100},
  biburl    = {http://dblp.uni-trier.de/rec/bib/conf/cikm/WuZYJL14},
  bibsource = {dblp computer science bibliography, http://dblp.org}
}

@inproceedings{DBLP:PathPartitioning,
  author    = {Buwen Wu and
               Yongluan Zhou and
               Pingpeng Yuan and
               Ling Liu and
               Hai Jin},
  title     = {{Scalable SPARQL Querying using Path Partitioning}},
  booktitle = {{ICDE}},
  pages     = {795--806},
  year      = {2015},
  crossref  = {DBLP:conf/icde/2015},
  url       = {http://dx.doi.org/10.1109/ICDE.2015.7113334},
  doi       = {10.1109/ICDE.2015.7113334},
  timestamp = {Tue, 09 Jun 2015 07:58:12 +0200},
  biburl    = {http://dblp.uni-trier.de/rec/bib/conf/icde/WuZYLJ15},
  bibsource = {dblp computer science bibliography, http://dblp.org}
}

@inproceedings{DBLP:JenaHBase,
  author    = {Vaibhav Khadilkar and
               Murat Kantarcioglu and
               Bhavani M. Thuraisingham and
               Paolo Castagna},
  title     = {{Jena-HBase: A Distributed, Scalable and Effcient RDF Triple Store}},
  booktitle = {{ISWC Posters {\&} Demos}},
  year      = {2012},
  crossref  = {DBLP:conf/semweb/2012p},
  url       = {http://ceur-ws.org/Vol-914/paper_14.pdf},
  timestamp = {Sat, 14 Sep 2013 16:02:35 +0200},
  biburl    = {http://dblp.uni-trier.de/rec/bib/conf/semweb/KhadilkarKTC12},
  bibsource = {dblp computer science bibliography, http://dblp.org}
}

@inproceedings{DBLP:H2RDF,
  author    = {Nikolaos Papailiou and
               Ioannis Konstantinou and
               Dimitrios Tsoumakos and
               Nectarios Koziris},
  title     = {{H2RDF: Adaptive Query Processing on RDF Data in the Cloud}},
  booktitle = {{WWW (Companion Volume)}},
  pages     = {397--400},
  year      = {2012},
  crossref  = {DBLP:conf/www/2012c},
  url       = {http://doi.acm.org/10.1145/2187980.2188058},
  doi       = {10.1145/2187980.2188058},
  timestamp = {Mon, 23 Apr 2012 09:14:35 +0200},
  biburl    = {http://dblp.uni-trier.de/rec/bib/conf/www/PapailiouKTK12},
  bibsource = {dblp computer science bibliography, http://dblp.org}
}

@inproceedings{DBLP:H2RDFplus,
  author    = {Nikolaos Papailiou and
               Dimitrios Tsoumakos and
               Ioannis Konstantinou and
               Panagiotis Karras and
               Nectarios Koziris},
  title     = {H\({}_{\mbox{2}}\)RDF+: {An Efficient Data Management System for Big
               RDF Graphs}},
  booktitle = {{SIGMOD}},
  pages     = {909--912},
  year      = {2014},
  crossref  = {DBLP:conf/sigmod/2014},
  url       = {http://doi.acm.org/10.1145/2588555.2594535},
  doi       = {10.1145/2588555.2594535},
  timestamp = {Sun, 22 Jun 2014 11:31:11 +0200},
  biburl    = {http://dblp.uni-trier.de/rec/bib/conf/sigmod/PapailiouTKKK14},
  bibsource = {dblp computer science bibliography, http://dblp.org}
}

@inproceedings{DBLP:FedX,
  author    = {Andreas Schwarte and
               Peter Haase and
               Katja Hose and
               Ralf Schenkel and
               Michael Schmidt},
  title     = {{FedX: Optimization Techniques for Federated Query Processing on Linked
               Data}},
  booktitle = {ISWC},
  pages     = {601--616},
  year      = {2011},
  crossref  = {DBLP:conf/semweb/2011-1},
  url       = {http://dx.doi.org/10.1007/978-3-642-25073-6_38},
  doi       = {10.1007/978-3-642-25073-6_38},
  timestamp = {Wed, 19 Oct 2011 14:01:40 +0200},
  biburl    = {http://dblp.uni-trier.de/rec/bib/conf/semweb/SchwarteHHSS11},
  bibsource = {dblp computer science bibliography, http://dblp.org}
}

@inproceedings{DBLP:DARQ,
  author    = {Bastian Quilitz and
               Ulf Leser},
  title     = {{Querying Distributed RDF Data Sources with SPARQL}},
  booktitle = {ESWC},
  pages     = {524--538},
  year      = {2008},
  crossref  = {DBLP:conf/esws/2008},
  url       = {http://dx.doi.org/10.1007/978-3-540-68234-9_39},
  doi       = {10.1007/978-3-540-68234-9_39},
  timestamp = {Thu, 31 Jul 2014 11:17:14 +0200},
  biburl    = {http://dblp.uni-trier.de/rec/bib/conf/esws/QuilitzL08},
  bibsource = {dblp computer science bibliography, http://dblp.org}
}

@inproceedings{EDBT2012:QTree,
  author    = {Fabian Prasser and
               Alfons Kemper and
               Klaus A. Kuhn},
  title     = {{Efficient Distributed Query Processing for Autonomous RDF Databases}},
  booktitle = {EDBT},
  pages     = {372--383},
  year      = {2012},
  crossref  = {DBLP:conf/edbt/2012},
  url       = {http://doi.acm.org/10.1145/2247596.2247640},
  doi       = {10.1145/2247596.2247640},
  timestamp = {Wed, 16 Jul 2014 13:56:47 +0200},
  biburl    = {http://dblp.uni-trier.de/rec/bib/conf/edbt/PrasserKK12},
  bibsource = {dblp computer science bibliography, http://dblp.org}
}

@inproceedings{WWW2010:QTree,
  author    = {Andreas Harth and
               Katja Hose and
               Marcel Karnstedt and
               Axel Polleres and
               Kai{-}Uwe Sattler and
               J{\"{u}}rgen Umbrich},
  title     = {{Data Summaries for On-demand Queries over Linked Data}},
  booktitle = {WWW},
  pages     = {411--420},
  year      = {2010},
  crossref  = {DBLP:conf/www/2010},
  url       = {http://doi.acm.org/10.1145/1772690.1772733},
  doi       = {10.1145/1772690.1772733},
  timestamp = {Wed, 28 Apr 2010 10:17:33 +0200},
  biburl    = {http://dblp.uni-trier.de/rec/bib/conf/www/HarthHKPSU10},
  bibsource = {dblp computer science bibliography, http://dblp.org}
}


@inproceedings{DBLP:SPLENDID,
  author    = {Olaf G{\"{o}}rlitz and
               Steffen Staab},
  title     = {{SPLENDID: SPARQL Endpoint Federation Exploiting VOID Descriptions}},
  booktitle = {COLD},
  year      = {2011},
  crossref  = {DBLP:conf/semweb/2011cold},
  url       = {http://ceur-ws.org/Vol-782/GoerlitzAndStaab_COLD2011.pdf},
  timestamp = {Tue, 13 Nov 2012 18:30:32 +0100},
  biburl    = {http://dblp.uni-trier.de/rec/bib/conf/semweb/GorlitzS11},
  bibsource = {dblp computer science bibliography, http://dblp.org}
}

@ARTICLE{CiteSeerX:SystemR,
    author = {M. M. Astrahan and Ht. W. Blasgen and D. D. Chamberlin and K. P. Eswaran and J. N. Gray and P. P. Griffiths and W. F. King and R. A. Lorie and J. W. Mehl and G. R. Putzolu and I. L. Traiger and B. W. Wade and V. Watson},
    title = {{System R: Relational Approach to Database Management}},
    journal = {ACM Transactions on Database Systems},
    year = {1976},
    volume = {1},
    pages = {97--137}
}


@inproceedings{DBLP:DAW,
  author    = {Muhammad Saleem and
               Axel{-}Cyrille Ngonga Ngomo and
               Josiane Xavier Parreira and
               Helena F. Deus and
               Manfred Hauswirth},
  title     = {{DAW: Duplicate-AWare Federated Query Processing over the Web of
               Data}},
  booktitle = {ISWC},
  pages     = {574--590},
  year      = {2013},
  crossref  = {DBLP:conf/semweb/2013-1},
  url       = {http://dx.doi.org/10.1007/978-3-642-41335-3_36},
  doi       = {10.1007/978-3-642-41335-3_36},
  timestamp = {Thu, 17 Oct 2013 16:01:16 +0200},
  biburl    = {http://dblp.uni-trier.de/rec/bib/conf/semweb/SaleemNPDH13},
  bibsource = {dblp computer science bibliography, http://dblp.org}
}

@article{DBLP:TopFed,
  author    = {Muhammad Saleem and
               Shanmukha S. Padmanabhuni and
               Axel{-}Cyrille Ngonga Ngomo and
               Aftab Iqbal and
               Jonas S. Almeida and
               Stefan Decker and
               Helena F. Deus},
  title     = {{TopFed: TCGA Tailored Federated Query Processing and Linking to}
               {LOD}},
  journal   = {J. Biomedical Semantics},
  volume    = {5},
  pages     = {47},
  year      = {2014},
  url       = {http://dx.doi.org/10.1186/2041-1480-5-47},
  doi       = {10.1186/2041-1480-5-47},
  timestamp = {Wed, 21 Jan 2015 10:14:01 +0100},
  biburl    = {http://dblp.uni-trier.de/rec/bib/journals/biomedsem/SaleemPNIADD14},
  bibsource = {dblp computer science bibliography, http://dblp.org}
}

@inproceedings{DBLP:HiBISCuS,
  author    = {Muhammad Saleem and
               Axel{-}Cyrille Ngonga Ngomo},
  title     = {{HiBISCuS: Hypergraph-Based Source Selection for SPARQL Endpoint
               Federation}},
  booktitle = {ESWC},
  pages     = {176--191},
  year      = {2014},
  crossref  = {DBLP:conf/esws/2014},
  url       = {http://dx.doi.org/10.1007/978-3-319-07443-6_13},
  doi       = {10.1007/978-3-319-07443-6_13},
  timestamp = {Fri, 09 May 2014 14:52:44 +0200},
  biburl    = {http://dblp.uni-trier.de/rec/bib/conf/esws/SaleemN14},
  bibsource = {dblp computer science bibliography, http://dblp.org}
}

@inproceedings{DBLP:ANAPSID,
  author    = {Maribel Acosta and
               Maria{-}Esther Vidal and
               Tomas Lampo and
               Julio Castillo and
               Edna Ruckhaus},
  title     = {{ANAPSID: An Adaptive Query Processing Engine for SPARQL Endpoints}},
  booktitle = {ISWC},
  pages     = {18--34},
  year      = {2011},
  crossref  = {DBLP:conf/semweb/2011-1},
  url       = {http://dx.doi.org/10.1007/978-3-642-25073-6_2},
  doi       = {10.1007/978-3-642-25073-6_2},
  timestamp = {Wed, 19 Oct 2011 14:01:40 +0200},
  biburl    = {http://dblp.uni-trier.de/rec/bib/conf/semweb/AcostaVLCR11},
  bibsource = {dblp computer science bibliography, http://dblp.org}
}

@inproceedings{DBLP:conf/dasfaa/YangCWCD13,
  author    = {Tao Yang and
               Jinchuan Chen and
               Xiaoyan Wang and
               Yueguo Chen and
               Xiaoyong Du},
  title     = {{Efficient SPARQL Query Evaluation via Automatic Data Partitioning}},
  booktitle = {{DASFAA}},
  pages     = {244--258},
  year      = {2013},
  crossref  = {DBLP:conf/dasfaa/2013-2},
  url       = {http://dx.doi.org/10.1007/978-3-642-37450-0_18},
  doi       = {10.1007/978-3-642-37450-0_18},
  timestamp = {Tue, 07 May 2013 14:51:15 +0200},
  biburl    = {http://dblp.uni-trier.de/rec/bib/conf/dasfaa/YangCWCD13},
  bibsource = {dblp computer science bibliography, http://dblp.org}
}

@book{DBLP:DistributedDatabaseSystems,
  author    = {M. Tamer {\"{O}}zsu and
               Patrick Valduriez},
  title     = {Principles of Distributed Database Systems, Third Edition},
  publisher = {Springer},
  year      = {2011},
  url       = {http://dx.doi.org/10.1007/978-1-4419-8834-8},
  doi       = {10.1007/978-1-4419-8834-8},
  isbn      = {978-1-4419-8833-1},
  timestamp = {Mon, 15 Oct 2012 13:17:49 +0200},
  biburl    = {http://dblp.uni-trier.de/rec/bib/books/daglib/0029498},
  bibsource = {dblp computer science bibliography, http://dblp.org}
}

@article{DBLP:journals/csur/Jones96,
  author    = {Neil D. Jones},
  title     = {{An Introduction to Partial Evaluation}},
  journal   = {{ACM Comput. Surv.}},
  volume    = {28},
  number    = {3},
  pages     = {480--503},
  year      = {1996},
  url       = {http://doi.acm.org/10.1145/243439.243447},
  doi       = {10.1145/243439.243447},
  timestamp = {Mon, 05 Dec 2011 18:03:13 +0100},
  biburl    = {http://dblp.uni-trier.de/rec/bib/journals/csur/Jones96},
  bibsource = {dblp computer science bibliography, http://dblp.org}
}

@article{DBLP:journals/pvldb/FanWW12,
  author    = {Wenfei Fan and
               Xin Wang and
               Yinghui Wu},
  title     = {{Performance Guarantees for Distributed Reachability Queries}},
  journal   = {{PVLDB}},
  volume    = {5},
  number    = {11},
  pages     = {1304--1315},
  year      = {2012},
  url       = {http://vldb.org/pvldb/vol5/p1304_wenfeifan_vldb2012.pdf},
  timestamp = {Fri, 17 Aug 2012 08:48:54 +0200},
  biburl    = {http://dblp.uni-trier.de/rec/bib/journals/pvldb/FanWW12},
  bibsource = {dblp computer science bibliography, http://dblp.org}
}

@inproceedings{DBLP:conf/sigmod/CongFK07,
  author    = {Gao Cong and
               Wenfei Fan and
               Anastasios Kementsietsidis},
  title     = {{Distributed Query Evaluation with Performance Guarantees}},
  booktitle = {{SIGMOD}},
  pages     = {509--520},
  year      = {2007},
  crossref  = {DBLP:conf/sigmod/2007},
  url       = {http://doi.acm.org/10.1145/1247480.1247537},
  doi       = {10.1145/1247480.1247537},
  timestamp = {Wed, 13 Jun 2007 08:33:18 +0200},
  biburl    = {http://dblp.uni-trier.de/rec/bib/conf/sigmod/CongFK07},
  bibsource = {dblp computer science bibliography, http://dblp.org}
}

@article{DBLP:journals/tods/CongFKLL12,
  author    = {Gao Cong and
               Wenfei Fan and
               Anastasios Kementsietsidis and
               Jianzhong Li and
               Xianmin Liu},
  title     = {{Partial Evaluation for Distributed XPath Query Processing and Beyond}},
  journal   = {{ACM Trans. Database Syst.}},
  volume    = {37},
  number    = {4},
  pages     = {32},
  year      = {2012},
  url       = {http://doi.acm.org/10.1145/2389241.2389251},
  doi       = {10.1145/2389241.2389251},
  timestamp = {Thu, 10 Jan 2013 21:03:29 +0100},
  biburl    = {http://dblp.uni-trier.de/rec/bib/journals/tods/CongFKLL12},
  bibsource = {dblp computer science bibliography, http://dblp.org}
}

@inproceedings{DBLP:conf/vldb/BunemanCFK06,
  author    = {Peter Buneman and
               Gao Cong and
               Wenfei Fan and
               Anastasios Kementsietsidis},
  title     = {{Using Partial Evaluation in Distributed Query Evaluation}},
  booktitle = {VLDB},
  pages     = {211--222},
  year      = {2006},
  crossref  = {DBLP:conf/vldb/2006},
  url       = {http://dl.acm.org/citation.cfm?id=1164147},
  timestamp = {Thu, 30 Apr 2015 18:34:40 +0200},
  biburl    = {http://dblp.uni-trier.de/rec/bib/conf/vldb/BunemanCFK06},
  bibsource = {dblp computer science bibliography, http://dblp.org}
}

@article{DBLP:journals/pvldb/FanWWD14,
  author    = {Wenfei Fan and
               Xin Wang and
               Yinghui Wu and
               Dong Deng},
  title     = {{Distributed Graph Simulation: Impossibility and Possibility}},
  journal   = {{PVLDB}},
  volume    = {7},
  number    = {12},
  pages     = {1083--1094},
  year      = {2014},
  url       = {http://www.vldb.org/pvldb/vol7/p1083-fan.pdf},
  timestamp = {Thu, 07 Aug 2014 13:57:10 +0200},
  biburl    = {http://dblp.uni-trier.de/rec/bib/journals/pvldb/FanWWD14},
  bibsource = {dblp computer science bibliography, http://dblp.org}
}

@inproceedings{DBLP:MLP,
  author    = {Lu Wang and
               Yanghua Xiao and
               Bin Shao and
               Haixun Wang},
  title     = {{How to Partition a Billion-node Graph}},
  booktitle = {{ICDE}},
  pages     = {568--579},
  year      = {2014},
  crossref  = {DBLP:conf/icde/2014},
  url       = {http://dx.doi.org/10.1109/ICDE.2014.6816682},
  doi       = {10.1109/ICDE.2014.6816682},
  timestamp = {Sat, 09 Aug 2014 14:37:15 +0200},
  biburl    = {http://dblp.uni-trier.de/rec/bib/conf/icde/WangXSW14},
  bibsource = {dblp computer science bibliography, http://dblp.org}
}

@inproceedings{DBLP:LOD,
  author    = {Olaf Hartig},
  title     = {{SPARQL for a Web of Linked Data: Semantics and Computability}},
  booktitle = {{ESWC}},
  pages     = {8--23},
  year      = {2012},
  crossref  = {DBLP:conf/esws/2012},
  url       = {http://dx.doi.org/10.1007/978-3-642-30284-8_8},
  doi       = {10.1007/978-3-642-30284-8_8},
  timestamp = {Thu, 24 May 2012 16:13:40 +0200},
  biburl    = {http://dblp.uni-trier.de/rec/bib/conf/esws/Hartig12},
  bibsource = {dblp computer science bibliography, http://dblp.org}
}

@inproceedings{DBLP:FedBench,
  author    = {Michael Schmidt and
               Olaf G{\"{o}}rlitz and
               Peter Haase and
               G{\"{u}}nter Ladwig and
               Andreas Schwarte and
               Thanh Tran},
  title     = {{FedBench: A Benchmark Suite for Federated Semantic Data Query Processing}},
  booktitle = {The Semantic Web - {ISWC} 2011 - 10th International Semantic Web Conference,
               Bonn, Germany, October 23-27, 2011, Proceedings, Part {I}},
  pages     = {585--600},
  year      = {2011},
  crossref  = {DBLP:conf/semweb/2011-1},
  url       = {http://dx.doi.org/10.1007/978-3-642-25073-6_37},
  doi       = {10.1007/978-3-642-25073-6_37},
  timestamp = {Tue, 10 Nov 2015 11:47:53 +0100},
  biburl    = {http://dblp.uni-trier.de/rec/bib/conf/semweb/SchmidtGHLST11},
  bibsource = {dblp computer science bibliography, http://dblp.org}
}

@article{DBLP:SPARQLDef,
  author    = {Jorge P{\'{e}}rez and
               Marcelo Arenas and
               Claudio Gutierrez},
  title     = {{Semantics and Complexity of SPARQL}},
  journal   = {{ACM Trans. Database Syst.}},
  volume    = {34},
  number    = {3},
  year      = {2009},
  url       = {http://doi.acm.org/10.1145/1567274.1567278},
  doi       = {10.1145/1567274.1567278},
  timestamp = {Tue, 05 Mar 2013 07:41:58 +0100},
  biburl    = {http://dblp.uni-trier.de/rec/bib/journals/tods/PerezAG09},
  bibsource = {dblp computer science bibliography, http://dblp.org}
}

@article{DBLP:Gaston,
  author    = {Siegfried Nijssen and
               Joost N. Kok},
  title     = {{The Gaston Tool for Frequent Subgraph Mining}},
  journal   = {{Electr. Notes Theor. Comput. Sci.}},
  volume    = {127},
  number    = {1},
  pages     = {77--87},
  year      = {2005},
  url       = {http://dx.doi.org/10.1016/j.entcs.2004.12.039},
  doi       = {10.1016/j.entcs.2004.12.039},
  timestamp = {Thu, 06 Jan 2011 20:42:35 +0100},
  biburl    = {http://dblp.uni-trier.de/rec/bib/journals/entcs/NijssenK05},
  bibsource = {dblp computer science bibliography, http://dblp.org}
}

@book{book:wiederhold1983database,
  title={{Database Design}},
  author={Gio Wiederhold},
  volume={466},
  year={1983},
  publisher={McGraw-Hill New York}
}

@inproceedings{DBLP:conf/nips/IyerB13,
  author    = {Rishabh K. Iyer and
               Jeff A. Bilmes},
  title     = {{Submodular Optimization with Submodular Cover and Submodular Knapsack
               Constraints}},
  booktitle = {NIPS},
  pages     = {2436--2444},
  year      = {2013},
  crossref  = {DBLP:conf/nips/2013},
  url       = {http://papers.nips.cc/paper/4911-submodular-optimization-with-submodular-cover-and-submodular-knapsack-constraints},
  timestamp = {Fri, 31 Jan 2014 12:11:40 +0100},
  biburl    = {http://dblp.uni-trier.de/rec/bib/conf/nips/IyerB13},
  bibsource = {dblp computer science bibliography, http://dblp.org}
}

@inproceedings{DBLP:PNN,
  author    = {Pasi Fr{\"{a}}nti and
               Olli Virmajoki and
               Ville Hautam{\"{a}}ki},
  title     = {{Fast PNN-based Clustering Using K-nearest Neighbor Graph}},
  booktitle = {ICDM},
  pages     = {525--528},
  year      = {2003},
  crossref  = {DBLP:conf/icdm/2003},
  url       = {http://dx.doi.org/10.1109/ICDM.2003.1250968},
  doi       = {10.1109/ICDM.2003.1250968},
  timestamp = {Wed, 17 Sep 2014 19:34:59 +0200},
  biburl    = {http://dblp.uni-trier.de/rec/bib/conf/icdm/FrantiVH03},
  bibsource = {dblp computer science bibliography, http://dblp.org}
}

@article{DBLP:GraphClusteringNPC,
  author    = {Jir{\'{\i}} S{\'{\i}}ma and
               Satu Elisa Schaeffer},
  title     = {{On the NP-Completeness of Some Graph Cluster Measures}},
  journal   = {CoRR},
  volume    = {abs/cs/0506100},
  year      = {2005},
  url       = {http://arxiv.org/abs/cs/0506100},
  timestamp = {Mon, 05 Dec 2011 18:04:07 +0100},
  biburl    = {http://dblp.uni-trier.de/rec/bib/journals/corr/abs-cs-0506100},
  bibsource = {dblp computer science bibliography, http://dblp.org}
}

@inproceedings{DBLP:gSpan,
  author    = {Xifeng Yan and
               Jiawei Han},
  title     = {{gSpan: Graph-Based Substructure Pattern Mining}},
  booktitle = {ICDM},
  pages     = {721--724},
  year      = {2002},
  crossref  = {DBLP:conf/icdm/2002},
  url       = {http://dx.doi.org/10.1109/ICDM.2002.1184038},
  doi       = {10.1109/ICDM.2002.1184038},
  timestamp = {Wed, 17 Sep 2014 19:35:14 +0200},
  biburl    = {http://dblp.uni-trier.de/rec/bib/conf/icdm/YanH02},
  bibsource = {dblp computer science bibliography, http://dblp.org}
}

@inproceedings{DBLP:gIndex,
  author    = {Xifeng Yan and
               Philip S. Yu and
               Jiawei Han},
  title     = {{Graph Indexing: A Frequent Structure-based Approach}},
  booktitle = {{SIGMOD}},
  pages     = {335--346},
  year      = {2004},
  crossref  = {DBLP:conf/sigmod/2004},
  url       = {http://doi.acm.org/10.1145/1007568.1007607},
  doi       = {10.1145/1007568.1007607},
  timestamp = {Mon, 21 Feb 2005 10:58:38 +0100},
  biburl    = {http://dblp.uni-trier.de/rec/bib/conf/sigmod/YanYH04},
  bibsource = {dblp computer science bibliography, http://dblp.org}
}

@inproceedings{DBLP:WatDiv,
  author    = {G{\"{u}}nes Alu{\c{c}} and
               Olaf Hartig and
               M. Tamer {\"{O}}zsu and
               Khuzaima Daudjee},
  title     = {{Diversified Stress Testing of RDF Data Management Systems}},
  booktitle = {{ISWC}},
  pages     = {197--212},
  year      = {2014},
  crossref  = {DBLP:conf/semweb/2014-1},
  url       = {http://dx.doi.org/10.1007/978-3-319-11964-9_13},
  doi       = {10.1007/978-3-319-11964-9_13},
  timestamp = {Fri, 10 Oct 2014 14:01:06 +0200},
  biburl    = {http://dblp.uni-trier.de/rec/bib/conf/semweb/AlucHOD14},
  bibsource = {dblp computer science bibliography, http://dblp.org}
}

@article{VLDB08:QuickSI,
  author    = {Haichuan Shang and
               Ying Zhang and
               Xuemin Lin and
               Jeffrey Xu Yu},
  title     = {{Taming Verification Hardness: An Efficient Algorithm for Testing Subgraph
               Isomorphism}},
  journal   = {{PVLDB}},
  volume    = {1},
  number    = {1},
  pages     = {364--375},
  year      = {2008},
  url       = {http://www.vldb.org/pvldb/1/1453899.pdf},
  timestamp = {Thu, 06 Nov 2008 12:41:34 +0100},
  biburl    = {http://dblp.uni-trier.de/rec/bib/journals/pvldb/ShangZLY08},
  bibsource = {dblp computer science bibliography, http://dblp.org}
}

@article{DBLP:journals/siamcomp/DowneyFVW99,
  author    = {Rodney G. Downey and
               Michael R. Fellows and
               Alexander Vardy and
               Geoff Whittle},
  title     = {{The Parametrized Complexity of Some Fundamental Problems in Coding
               Theory}},
  journal   = {{SIAM J. Comput.}},
  volume    = {29},
  number    = {2},
  pages     = {545--570},
  year      = {1999},
  url       = {http://dx.doi.org/10.1137/S0097539797323571},
  doi       = {10.1137/S0097539797323571},
  timestamp = {Mon, 12 Sep 2011 16:10:10 +0200},
  biburl    = {http://dblp.uni-trier.de/rec/bib/journals/siamcomp/DowneyFVW99},
  bibsource = {dblp computer science bibliography, http://dblp.org}
}

@book{DBLP:books/daglib/0023376,
  author    = {Thomas H. Cormen and
               Charles E. Leiserson and
               Ronald L. Rivest and
               Clifford Stein},
  title     = {{Introduction to Algorithms (3. ed.)}},
  publisher = {{MIT Press}},
  year      = {2009},
  url       = {http://mitpress.mit.edu/books/introduction-algorithms},
  isbn      = {978-0-262-03384-8},
  timestamp = {Wed, 31 Dec 2014 12:30:10 +0100},
  biburl    = {http://dblp.uni-trier.de/rec/bib/books/daglib/0023376},
  bibsource = {dblp computer science bibliography, http://dblp.org}
}

@article{DBLP:journals/cacm/Valiant90,
  author    = {Leslie G. Valiant},
  title     = {{A Bridging Model for Parallel Computation}},
  journal   = {{Commun. ACM}},
  volume    = {33},
  number    = {8},
  pages     = {103--111},
  year      = {1990},
  url       = {http://doi.acm.org/10.1145/79173.79181},
  doi       = {10.1145/79173.79181},
  timestamp = {Tue, 07 Jun 2011 16:52:05 +0200},
  biburl    = {http://dblp.uni-trier.de/rec/bib/journals/cacm/Valiant90},
  bibsource = {dblp computer science bibliography, http://dblp.org}
}

@article{DBLP:LUBM,
  author    = {Yuanbo Guo and
               Zhengxiang Pan and
               Jeff Heflin},
  title     = {{LUBM:} {A Benchmark for OWL Knowledge Base Systems}},
  journal   = {{J. Web Sem.}},
  volume    = {3},
  number    = {2-3},
  pages     = {158--182},
  year      = {2005},
  url       = {http://dx.doi.org/10.1016/j.websem.2005.06.005},
  doi       = {10.1016/j.websem.2005.06.005},
  timestamp = {Tue, 04 Jul 2006 15:06:05 +0200},
  biburl    = {http://dblp.uni-trier.de/rec/bib/journals/ws/GuoPH05},
  bibsource = {dblp computer science bibliography, http://dblp.org}
}

@inproceedings{DBLP:conf/icde/LiDK09,
  author    = {Jian Li and
               Amol Deshpande and
               Samir Khuller},
  title     = {{Minimizing Communication Cost in Distributed Multi-query Processing}},
  booktitle = {{ICDE}},
  pages     = {772--783},
  year      = {2009},
  crossref  = {DBLP:conf/icde/2009},
  url       = {http://dx.doi.org/10.1109/ICDE.2009.85},
  doi       = {10.1109/ICDE.2009.85},
  timestamp = {Sat, 09 Aug 2014 14:37:16 +0200},
  biburl    = {http://dblp.uni-trier.de/rec/bib/conf/icde/LiDK09},
  bibsource = {dblp computer science bibliography, http://dblp.org}
}

@inproceedings{DBLP:conf/rweb/HoseSTW11,
  author    = {Katja Hose and
               Ralf Schenkel and
               Martin Theobald and
               Gerhard Weikum},
  title     = {{Database Foundations for Scalable RDF Processing}},
  booktitle = {{Reasoning Web}},
  pages     = {202--249},
  year      = {2011},
  crossref  = {DBLP:conf/rweb/2011},
  url       = {http://dx.doi.org/10.1007/978-3-642-23032-5_4},
  doi       = {10.1007/978-3-642-23032-5_4},
  timestamp = {Tue, 23 Aug 2011 13:04:56 +0200},
  biburl    = {http://dblp.uni-trier.de/rec/bib/conf/rweb/HoseSTW11},
  bibsource = {dblp computer science bibliography, http://dblp.org}
}

@inproceedings{DBLP:MQO,
  author    = {Wangchao Le and
               Anastasios Kementsietsidis and
               Songyun Duan and
               Feifei Li},
  title     = {{Scalable Multi-query Optimization for SPARQL}},
  booktitle = {{ICDE}},
  pages     = {666--677},
  year      = {2012},
  crossref  = {DBLP:conf/icde/2012},
  url       = {http://dx.doi.org/10.1109/ICDE.2012.37},
  doi       = {10.1109/ICDE.2012.37},
  timestamp = {Sat, 09 Aug 2014 14:37:16 +0200},
  biburl    = {http://dblp.uni-trier.de/rec/bib/conf/icde/LeKDL12},
  bibsource = {dblp computer science bibliography, http://dblp.org}
}

@article{DBLP:MCESNPhard,
  author    = {Norman Biggs and
  						 E. Lloyd and
  						 Robin Wilson},
  title     = {{Graph Theory}},
  journal   = {Oxford University Press},
  year      = {1986}
}

@inproceedings{DBLP:conf/www/StockerSBKR08,
  author    = {Markus Stocker and
               Andy Seaborne and
               Abraham Bernstein and
               Christoph Kiefer and
               Dave Reynolds},
  title     = {{SPARQL Basic Graph Pattern Optimization Using Selectivity Estimation}},
  booktitle = {WWW},
  pages     = {595--604},
  year      = {2008},
  crossref  = {DBLP:conf/www/2008},
  url       = {http://doi.acm.org/10.1145/1367497.1367578},
  doi       = {10.1145/1367497.1367578},
  timestamp = {Fri, 14 Dec 2012 07:52:21 +0100},
  biburl    = {http://dblp.uni-trier.de/rec/bib/conf/www/StockerSBKR08},
  bibsource = {dblp computer science bibliography, http://dblp.org}
}

@article{chvatal1979greedy,
  title={{A Greedy Heuristic for the Set-Covering Problem}},
  author={Chvatal, Vasek},
  journal={Mathematics of operations research},
  volume={4},
  number={3},
  pages={233--235},
  year={1979},
  publisher={INFORMS}
}

@book{DBLP:books/fm/GareyJ79,
  author    = {M. R. Garey and
               David S. Johnson},
  title     = {{Computers and Intractability: A Guide to the Theory of NP-Completeness}},
  publisher = {W. H. Freeman},
  year      = {1979},
  isbn      = {0-7167-1044-7},
  timestamp = {Thu, 29 Mar 2007 16:16:40 +0200},
  biburl    = {http://dblp.uni-trier.de/rec/bib/books/fm/GareyJ79},
  bibsource = {dblp computer science bibliography, http://dblp.org}
}

@inproceedings{DBLP:conf/sigmod/Atre15,
  author    = {Medha Atre},
  title     = {\emph{Left Bit Right}: {For SPARQL Join Queries with OPTIONAL Patterns
               (Left-outer-joins)}},
  booktitle = {{SIGMOD}},
  pages     = {1793--1808},
  year      = {2015},
  crossref  = {DBLP:conf/sigmod/2015},
  url       = {http://doi.acm.org/10.1145/2723372.2746483},
  doi       = {10.1145/2723372.2746483},
  timestamp = {Thu, 12 Nov 2015 16:33:38 +0100},
  biburl    = {http://dblp.uni-trier.de/rec/bib/conf/sigmod/Atre15},
  bibsource = {dblp computer science bibliography, http://dblp.org}
}

@BOOK{cormen:algorithm,
    AUTHOR = {T. H. Cormen and C. E. Leiserson and R. L. Rivest and C. Stein},
    TITLE = {Introduction to Algorithms},
    PUBLISHER = {The MIT Press},
    YEAR = {2001}}
    
@article{Gravano:qgram,
  author    = {Luis Gravano and
               Panagiotis G. Ipeirotis and
               H. V. Jagadish and
               Nick Koudas and
               S. Muthukrishnan and
               Lauri Pietarinen and
               Divesh Srivastava},
  title     = {Using q-grams in a \uppercase{DBMS} for Approximate String Processing},
  journal   = {IEEE Data Eng. Bull.},
  volume    = {24},
  number    = {4},
  year      = {2001},
  pages = {28--34}
}

@inproceedings{Deppisch:stree,
  author    = {Uwe Deppisch},
  title     = {{S-Tree: A Dynamic Balanced Signature Index for Office Retrieval}},
  booktitle = {SIGIR'86, Proceedings of the 9th Annual International {ACM} {SIGIR}
               Conference on Research and Development in Information Retrieval, Pisa,
               Italy, September 8-10, 1986},
  pages     = {77--87},
  year      = {1986},
  crossref  = {DBLP:conf/sigir/86},
  url       = {http://doi.acm.org/10.1145/253168.253189},
  doi       = {10.1145/253168.253189},
  timestamp = {Thu, 13 Sep 2012 13:14:47 +0200},
  biburl    = {http://dblp.uni-trier.de/rec/bib/conf/sigir/Deppisch86},
  bibsource = {dblp computer science bibliography, http://dblp.org}
}

@inproceedings{DBLP:CNDBpedia,
  author    = {Bo Xu and
               Yong Xu and
               Jiaqing Liang and
               Chenhao Xie and
               Bin Liang and
               Wanyun Cui and
               Yanghua Xiao},
  title     = {{CN-DBpedia: A Never-Ending Chinese Knowledge Extraction System}},
  booktitle = {{IEA/AIE}},
  pages     = {428--438},
  year      = {2017}
}

@inproceedings{DBLP:Probase,
  author    = {Wentao Wu and
               Hongsong Li and
               Haixun Wang and
               Kenny Qili Zhu},
  title     = {{Probase: A Probabilistic Taxonomy for Text Understanding}},
  booktitle = {{SIGMOD}},
  pages     = {481--492},
  year      = {2012}
}